@book{bib:Axler,
    title     = {Linear Algebra Done Right},
    author    = {Sheldon Axler},
    publisher = {Springer},
    year      = {2015},
    edition   = {Third}
}

@book{bib:Abbott,
    title = {Flatland: A Romance of Many Dimensions},
    author = {Edwin A. Abbott},
    publisher = {Dover},
    year = {1952},
    edition = {sixth}
}